<?xml version="1.0" encoding="UTF-8"?><collection xmlns="http://www.loc.gov/MARC21/slim"><record><leader>00490nam--2200193-i-4500</leader><controlfield tag="001">000026124</controlfield><controlfield tag="002">20161230</controlfield><controlfield tag="005">20161230201036</controlfield><controlfield tag="008">060222s1000------------r-----000-0-fre-d</controlfield><datafield ind1=" " ind2=" " tag="040"><subfield code="a">IFIN-HH</subfield></datafield><datafield ind1=" " ind2=" " tag="041"><subfield code="a">fre</subfield></datafield><datafield ind1=" " ind2=" " tag="080"><subfield code="a">539.1</subfield></datafield><datafield ind1="1" ind2=" " tag="100"><subfield code="a">Kahan, Theo</subfield></datafield><datafield ind1="1" ind2="0" tag="245"><subfield code="a">Physique nucleaire</subfield><subfield code="c">Theo kahan</subfield></datafield><datafield ind1=" " ind2=" " tag="260"><subfield code="a">Paris</subfield><subfield code="b">Librairie Armand Colin</subfield><subfield code="c">1954</subfield></datafield><datafield ind1=" " ind2=" " tag="300"><subfield code="a">220P</subfield></datafield><datafield ind1=" " ind2=" " tag="490"><subfield code="a">Collection Armand Colin (Section De Physique)</subfield></datafield><datafield ind1=" " ind2=" " tag="852"><subfield code="a">10328</subfield><subfield code="c">539</subfield></datafield><datafield ind1=" " ind2=" " tag="CAT"><subfield code="a">Sys</subfield><subfield code="c">20110922</subfield><subfield code="h">151746</subfield></datafield></record></collection>